%Biblography 

@article{islam2015internet,
	title={The internet of things for health care: a comprehensive survey},
	author={Islam, SM Riazul and Kwak, Daehan and Kabir, MD Humaun and Hossain, Mahmud and Kwak, Kyung-Sup},
	journal={IEEE Access},
	volume={3},
	pages={678--708},
	year={2015},
	publisher={IEEE}
}

@inproceedings{alahmadi2011smart,
	title={A smart approach towards a mobile e-health monitoring system architecture},
	author={Alahmadi, Ahmed and Soh, Ben},
	booktitle={Research and Innovation in Information Systems (ICRIIS), 2011 International Conference on},
	pages={1--5},
	year={2011},
	organization={IEEE}
}

@inproceedings{de2017lorawan,
	title={LoRaWANâ€”A low power WAN protocol for Internet of Things: A review and opportunities},
	author={de Carvalho Silva, Jonathan and Rodrigues, Joel JPC and Alberti, Antonio M and Solic, Petar and Aquino, Andre LL},
	booktitle={Computer and Energy Science (SpliTech), 2017 2nd International Multidisciplinary Conference on},
	pages={1--6},
	year={2017},
	organization={IEEE}
}

@inproceedings{aras2017exploring,
	title={Exploring the security vulnerabilities of lora},
	author={Aras, Emekcan and Ramachandran, Gowri Sankar and Lawrence, Piers and Hughes, Danny},
	booktitle={Cybernetics (CYBCONF), 2017 3rd IEEE International Conference on},
	pages={1--6},
	year={2017},
	organization={IEEE}
}

@inproceedings{tomasin2017security,
	title={Security analysis of lorawan join procedure for internet of things networks},
	author={Tomasin, Stefano and Zulian, Simone and Vangelista, Lorenzo},
	booktitle={Wireless Communications and Networking Conference Workshops (WCNCW), 2017 IEEE},
	pages={1--6},
	year={2017},
	organization={IEEE}
}

@article{ferdoush2014wireless,
	title={Wireless sensor network system design using Raspberry Pi and Arduino for environmental monitoring applications},
	author={Ferdoush, Sheikh and Li, Xinrong},
	journal={Procedia Computer Science},
	volume={34},
	pages={103--110},
	year={2014},
	publisher={Elsevier}
}


@inproceedings{mdhaffar2017iot,
	title={IoT-based health monitoring via LoRaWAN},
	author={Mdhaffar, Afef and Chaari, Tarak and Larbi, Kaouthar and Jmaiel, Mohamed and Freisleben, Bernd},
	booktitle={Smart Technologies, IEEE EUROCON 2017-17th International Conference on},
	pages={519--524},
	year={2017},
	organization={IEEE}
}

@inproceedings{postolache2011smart,
	title={Smart walker for pervasive healthcare},
	author={Postolache, O and Girao, P and Pereira, JM Dias and Pincho, J and Moura, C and Postolache, G},
	booktitle={Sensing Technology (ICST), 2011 Fifth International Conference on},
	pages={482--487},
	year={2011},
	organization={IEEE}
}

@article{banaee2013data,
	title={Data mining for wearable sensors in health monitoring systems: a review of recent trends and challenges},
	author={Banaee, Hadi and Ahmed, Mobyen and Loutfi, Amy},
	journal={Sensors},
	volume={13},
	number={12},
	pages={17472--17500},
	year={2013},
	publisher={Multidisciplinary Digital Publishing Institute}
}

@article{gondalia2018iot,
	title={IoT-based Healthcare Monitoring System for War Soldiers using Machine Learning},
	author={Gondalia, Aashay and Dixit, Dhruv and Parashar, Shubham and Raghava, Vijayanand and Sengupta, Animesh and Sarobin, Vergin Raja},
	journal={Procedia computer science},
	volume={133},
	pages={1005--1013},
	year={2018},
	publisher={Elsevier}
}

@article{dickens,
	title={A Tale of Two Cities},
	author={Dickens, Charles and Hablot K. Browne and Frederick Barnard},
	journal={Print},
	year={1942},
	publisher={New York: Dodd, Mead & Co}
}

@manual{pulseds,
    organization  = "World Famous Electronics LLC",
    title         = "Pulse Sensor Datasheet",
}

@manual{pressureds,
    organization  = "AVIA Semiconductor",
    title         = "HX711 - 24-Bit Analog-to-Digital Converter (ADC) for Weigh Scales",
}

@manual{gpsds,
    organization  = "ublox",
    title         = "NEO-6 u-blox 6 GPS Modules",
}

@manual{accelds,
    organization  = "InvenSense",
    title         = "MPU-6500 Product Specification Revision 1.1",
}

@online{lorashield,
  author = {Dragino},
  title = {Lora Shield},
  url = {http://wiki.dragino.com/index.php?title=Lora_Shield},
  urldate = {2018-12-06}
}